%YAML 1.1
%TAG !u! tag:unity3d.com,2011:
--- !u!29 &1
OcclusionCullingSettings:
  m_ObjectHideFlags: 0
  serializedVersion: 2
  m_OcclusionBakeSettings:
    smallestOccluder: 5
    smallestHole: 0.25
    backfaceThreshold: 100
  m_SceneGUID: 00000000000000000000000000000000
  m_OcclusionCullingData: {fileID: 0}
--- !u!104 &2
RenderSettings:
  m_ObjectHideFlags: 0
  serializedVersion: 9
  m_Fog: 0
  m_FogColor: {r: 0.5, g: 0.5, b: 0.5, a: 1}
  m_FogMode: 3
  m_FogDensity: 0.01
  m_LinearFogStart: 0
  m_LinearFogEnd: 300
  m_AmbientSkyColor: {r: 0.212, g: 0.227, b: 0.259, a: 1}
  m_AmbientEquatorColor: {r: 0.114, g: 0.125, b: 0.133, a: 1}
  m_AmbientGroundColor: {r: 0.047, g: 0.043, b: 0.035, a: 1}
  m_AmbientIntensity: 1
  m_AmbientMode: 0
  m_SubtractiveShadowColor: {r: 0.42, g: 0.478, b: 0.627, a: 1}
  m_SkyboxMaterial: {fileID: 10304, guid: 0000000000000000f000000000000000, type: 0}
  m_HaloStrength: 0.5
  m_FlareStrength: 1
  m_FlareFadeSpeed: 3
  m_HaloTexture: {fileID: 0}
  m_SpotCookie: {fileID: 10001, guid: 0000000000000000e000000000000000, type: 0}
  m_DefaultReflectionMode: 0
  m_DefaultReflectionResolution: 128
  m_ReflectionBounces: 1
  m_ReflectionIntensity: 1
  m_CustomReflection: {fileID: 0}
  m_Sun: {fileID: 1107390613}
  m_IndirectSpecularColor: {r: 0.44657844, g: 0.49641222, b: 0.57481694, a: 1}
  m_UseRadianceAmbientProbe: 0
--- !u!157 &3
LightmapSettings:
  m_ObjectHideFlags: 0
  serializedVersion: 11
  m_GIWorkflowMode: 1
  m_GISettings:
    serializedVersion: 2
    m_BounceScale: 1
    m_IndirectOutputScale: 1
    m_AlbedoBoost: 1
    m_TemporalCoherenceThreshold: 1
    m_EnvironmentLightingMode: 1
    m_EnableBakedLightmaps: 1
    m_EnableRealtimeLightmaps: 0
  m_LightmapEditorSettings:
    serializedVersion: 10
    m_Resolution: 2
    m_BakeResolution: 40
    m_AtlasSize: 1024
    m_AO: 0
    m_AOMaxDistance: 1
    m_CompAOExponent: 1
    m_CompAOExponentDirect: 0
    m_Padding: 2
    m_LightmapParameters: {fileID: 0}
    m_LightmapsBakeMode: 1
    m_TextureCompression: 1
    m_FinalGather: 0
    m_FinalGatherFiltering: 1
    m_FinalGatherRayCount: 256
    m_ReflectionCompression: 2
    m_MixedBakeMode: 0
    m_BakeBackend: 1
    m_PVRSampling: 1
    m_PVRDirectSampleCount: 32
    m_PVRSampleCount: 500
    m_PVRBounces: 2
    m_PVRFilterTypeDirect: 0
    m_PVRFilterTypeIndirect: 0
    m_PVRFilterTypeAO: 0
    m_PVRFilteringMode: 1
    m_PVRCulling: 1
    m_PVRFilteringGaussRadiusDirect: 1
    m_PVRFilteringGaussRadiusIndirect: 5
    m_PVRFilteringGaussRadiusAO: 2
    m_PVRFilteringAtrousPositionSigmaDirect: 0.5
    m_PVRFilteringAtrousPositionSigmaIndirect: 2
    m_PVRFilteringAtrousPositionSigmaAO: 1
    m_ShowResolutionOverlay: 1
  m_LightingDataAsset: {fileID: 112000002, guid: 49e5c2c7ffe9f114389306e7566301f6,
    type: 2}
  m_UseShadowmask: 0
--- !u!196 &4
NavMeshSettings:
  serializedVersion: 2
  m_ObjectHideFlags: 0
  m_BuildSettings:
    serializedVersion: 2
    agentTypeID: 0
    agentRadius: 0.5
    agentHeight: 2
    agentSlope: 45
    agentClimb: 0.4
    ledgeDropHeight: 0
    maxJumpAcrossDistance: 0
    minRegionArea: 2
    manualCellSize: 0
    cellSize: 0.16666667
    manualTileSize: 0
    tileSize: 256
    accuratePlacement: 0
    debug:
      m_Flags: 0
  m_NavMeshData: {fileID: 0}
--- !u!1 &32749747
GameObject:
  m_ObjectHideFlags: 0
  m_PrefabParentObject: {fileID: 0}
  m_PrefabInternal: {fileID: 0}
  serializedVersion: 5
  m_Component:
  - component: {fileID: 32749748}
  m_Layer: 0
  m_Name: Pivot
  m_TagString: Untagged
  m_Icon: {fileID: 0}
  m_NavMeshLayer: 0
  m_StaticEditorFlags: 0
  m_IsActive: 1
--- !u!4 &32749748
Transform:
  m_ObjectHideFlags: 0
  m_PrefabParentObject: {fileID: 0}
  m_PrefabInternal: {fileID: 0}
  m_GameObject: {fileID: 32749747}
  m_LocalRotation: {x: -0.13189246, y: 0.6946974, z: 0.13189246, w: 0.6946974}
  m_LocalPosition: {x: 0, y: 0, z: 0}
  m_LocalScale: {x: 1, y: 1, z: 1}
  m_Children:
  - {fileID: 64526577}
  m_Father: {fileID: 0}
  m_RootOrder: 6
  m_LocalEulerAnglesHint: {x: -21.5, y: 90, z: 0}
--- !u!1 &64526575
GameObject:
  m_ObjectHideFlags: 0
  m_PrefabParentObject: {fileID: 0}
  m_PrefabInternal: {fileID: 0}
  serializedVersion: 5
  m_Component:
  - component: {fileID: 64526577}
  - component: {fileID: 64526576}
  m_Layer: 0
  m_Name: Camera Center
  m_TagString: Untagged
  m_Icon: {fileID: 0}
  m_NavMeshLayer: 0
  m_StaticEditorFlags: 0
  m_IsActive: 1
--- !u!114 &64526576
MonoBehaviour:
  m_ObjectHideFlags: 0
  m_PrefabParentObject: {fileID: 0}
  m_PrefabInternal: {fileID: 0}
  m_GameObject: {fileID: 64526575}
  m_Enabled: 1
  m_EditorHideFlags: 0
  m_Script: {fileID: 11500000, guid: a275e89e903d8e0478b010b9f41994cc, type: 3}
  m_Name: 
  m_EditorClassIdentifier: 
  speed: 10
--- !u!4 &64526577
Transform:
  m_ObjectHideFlags: 0
  m_PrefabParentObject: {fileID: 0}
  m_PrefabInternal: {fileID: 0}
  m_GameObject: {fileID: 64526575}
  m_LocalRotation: {x: 0, y: 0, z: 0, w: 1}
  m_LocalPosition: {x: 0, y: 0, z: 0}
  m_LocalScale: {x: 1, y: 1, z: 1}
  m_Children:
  - {fileID: 1054005683}
  m_Father: {fileID: 32749748}
  m_RootOrder: 0
  m_LocalEulerAnglesHint: {x: 0, y: 0, z: 0}
--- !u!1001 &343909985
Prefab:
  m_ObjectHideFlags: 0
  serializedVersion: 2
  m_Modification:
    m_TransformParent: {fileID: 0}
    m_Modifications:
    - target: {fileID: 400112, guid: 17f3fd11a5d7958429c190fc28628b85, type: 3}
      propertyPath: m_LocalPosition.x
      value: 3.81
      objectReference: {fileID: 0}
    - target: {fileID: 400112, guid: 17f3fd11a5d7958429c190fc28628b85, type: 3}
      propertyPath: m_LocalPosition.y
      value: 5.608662e-17
      objectReference: {fileID: 0}
    - target: {fileID: 400112, guid: 17f3fd11a5d7958429c190fc28628b85, type: 3}
      propertyPath: m_LocalPosition.z
      value: 0
      objectReference: {fileID: 0}
    - target: {fileID: 400112, guid: 17f3fd11a5d7958429c190fc28628b85, type: 3}
      propertyPath: m_LocalRotation.x
      value: 0
      objectReference: {fileID: 0}
    - target: {fileID: 400112, guid: 17f3fd11a5d7958429c190fc28628b85, type: 3}
      propertyPath: m_LocalRotation.y
      value: -0.7071068
      objectReference: {fileID: 0}
    - target: {fileID: 400112, guid: 17f3fd11a5d7958429c190fc28628b85, type: 3}
      propertyPath: m_LocalRotation.z
      value: 0
      objectReference: {fileID: 0}
    - target: {fileID: 400112, guid: 17f3fd11a5d7958429c190fc28628b85, type: 3}
      propertyPath: m_LocalRotation.w
      value: 0.7071068
      objectReference: {fileID: 0}
    - target: {fileID: 400112, guid: 17f3fd11a5d7958429c190fc28628b85, type: 3}
      propertyPath: m_RootOrder
      value: 1
      objectReference: {fileID: 0}
    - target: {fileID: 100112, guid: 17f3fd11a5d7958429c190fc28628b85, type: 3}
      propertyPath: m_Name
      value: model (3)
      objectReference: {fileID: 0}
    - target: {fileID: 400076, guid: 17f3fd11a5d7958429c190fc28628b85, type: 3}
      propertyPath: m_LocalRotation.x
      value: -0.83681667
      objectReference: {fileID: 0}
    - target: {fileID: 400076, guid: 17f3fd11a5d7958429c190fc28628b85, type: 3}
      propertyPath: m_LocalRotation.y
      value: 0.0000004819064
      objectReference: {fileID: 0}
    - target: {fileID: 400076, guid: 17f3fd11a5d7958429c190fc28628b85, type: 3}
      propertyPath: m_LocalRotation.z
      value: 0.00000037667826
      objectReference: {fileID: 0}
    - target: {fileID: 400076, guid: 17f3fd11a5d7958429c190fc28628b85, type: 3}
      propertyPath: m_LocalRotation.w
      value: 0.54748315
      objectReference: {fileID: 0}
    - target: {fileID: 400076, guid: 17f3fd11a5d7958429c190fc28628b85, type: 3}
      propertyPath: m_LocalEulerAnglesHint.x
      value: -113.611
      objectReference: {fileID: 0}
    - target: {fileID: 400076, guid: 17f3fd11a5d7958429c190fc28628b85, type: 3}
      propertyPath: m_LocalEulerAnglesHint.y
      value: -0.000015258789
      objectReference: {fileID: 0}
    - target: {fileID: 400076, guid: 17f3fd11a5d7958429c190fc28628b85, type: 3}
      propertyPath: m_LocalEulerAnglesHint.z
      value: -0.000015258789
      objectReference: {fileID: 0}
    - target: {fileID: 400114, guid: 17f3fd11a5d7958429c190fc28628b85, type: 3}
      propertyPath: m_LocalRotation.x
      value: 0.09199231
      objectReference: {fileID: 0}
    - target: {fileID: 400114, guid: 17f3fd11a5d7958429c190fc28628b85, type: 3}
      propertyPath: m_LocalRotation.y
      value: -0.0000008357792
      objectReference: {fileID: 0}
    - target: {fileID: 400114, guid: 17f3fd11a5d7958429c190fc28628b85, type: 3}
      propertyPath: m_LocalRotation.z
      value: -0.00000019077063
      objectReference: {fileID: 0}
    - target: {fileID: 400114, guid: 17f3fd11a5d7958429c190fc28628b85, type: 3}
      propertyPath: m_LocalRotation.w
      value: 0.9957597
      objectReference: {fileID: 0}
    - target: {fileID: 400114, guid: 17f3fd11a5d7958429c190fc28628b85, type: 3}
      propertyPath: m_LocalEulerAnglesHint.x
      value: 10.556001
      objectReference: {fileID: 0}
    - target: {fileID: 400072, guid: 17f3fd11a5d7958429c190fc28628b85, type: 3}
      propertyPath: m_LocalRotation.x
      value: 0.07887722
      objectReference: {fileID: 0}
    - target: {fileID: 400072, guid: 17f3fd11a5d7958429c190fc28628b85, type: 3}
      propertyPath: m_LocalRotation.y
      value: 0.00000009880246
      objectReference: {fileID: 0}
    - target: {fileID: 400072, guid: 17f3fd11a5d7958429c190fc28628b85, type: 3}
      propertyPath: m_LocalRotation.z
      value: 0.000000080609006
      objectReference: {fileID: 0}
    - target: {fileID: 400072, guid: 17f3fd11a5d7958429c190fc28628b85, type: 3}
      propertyPath: m_LocalRotation.w
      value: 0.99688435
      objectReference: {fileID: 0}
    - target: {fileID: 400072, guid: 17f3fd11a5d7958429c190fc28628b85, type: 3}
      propertyPath: m_LocalEulerAnglesHint.x
      value: 9.048
      objectReference: {fileID: 0}
    - target: {fileID: 400112, guid: 17f3fd11a5d7958429c190fc28628b85, type: 3}
      propertyPath: m_LocalEulerAnglesHint.y
      value: -90
      objectReference: {fileID: 0}
    m_RemovedComponents: []
  m_ParentPrefab: {fileID: 100100000, guid: 17f3fd11a5d7958429c190fc28628b85, type: 3}
  m_IsPrefabParent: 0
--- !u!1001 &722821160
Prefab:
  m_ObjectHideFlags: 0
  serializedVersion: 2
  m_Modification:
    m_TransformParent: {fileID: 0}
    m_Modifications:
    - target: {fileID: 400054, guid: 347e53b392dd82240b0030799c4babf1, type: 3}
      propertyPath: m_LocalPosition.x
      value: -1.29
      objectReference: {fileID: 0}
    - target: {fileID: 400054, guid: 347e53b392dd82240b0030799c4babf1, type: 3}
      propertyPath: m_LocalPosition.y
      value: 0
      objectReference: {fileID: 0}
    - target: {fileID: 400054, guid: 347e53b392dd82240b0030799c4babf1, type: 3}
      propertyPath: m_LocalPosition.z
      value: 0
      objectReference: {fileID: 0}
    - target: {fileID: 400054, guid: 347e53b392dd82240b0030799c4babf1, type: 3}
      propertyPath: m_LocalRotation.x
      value: 0
      objectReference: {fileID: 0}
    - target: {fileID: 400054, guid: 347e53b392dd82240b0030799c4babf1, type: 3}
      propertyPath: m_LocalRotation.y
      value: 0.7071068
      objectReference: {fileID: 0}
    - target: {fileID: 400054, guid: 347e53b392dd82240b0030799c4babf1, type: 3}
      propertyPath: m_LocalRotation.z
      value: 0
      objectReference: {fileID: 0}
    - target: {fileID: 400054, guid: 347e53b392dd82240b0030799c4babf1, type: 3}
      propertyPath: m_LocalRotation.w
      value: 0.7071068
      objectReference: {fileID: 0}
    - target: {fileID: 400054, guid: 347e53b392dd82240b0030799c4babf1, type: 3}
      propertyPath: m_RootOrder
      value: 0
      objectReference: {fileID: 0}
    - target: {fileID: 400054, guid: 347e53b392dd82240b0030799c4babf1, type: 3}
      propertyPath: m_LocalEulerAnglesHint.y
      value: 90
      objectReference: {fileID: 0}
    - target: {fileID: 100022, guid: 347e53b392dd82240b0030799c4babf1, type: 3}
      propertyPath: m_StaticEditorFlags
      value: 0
      objectReference: {fileID: 0}
    - target: {fileID: 100036, guid: 347e53b392dd82240b0030799c4babf1, type: 3}
      propertyPath: m_StaticEditorFlags
      value: 0
      objectReference: {fileID: 0}
    - target: {fileID: 100054, guid: 347e53b392dd82240b0030799c4babf1, type: 3}
      propertyPath: m_StaticEditorFlags
      value: 0
      objectReference: {fileID: 0}
    - target: {fileID: 100030, guid: 347e53b392dd82240b0030799c4babf1, type: 3}
      propertyPath: m_StaticEditorFlags
      value: 0
      objectReference: {fileID: 0}
    - target: {fileID: 100068, guid: 347e53b392dd82240b0030799c4babf1, type: 3}
      propertyPath: m_StaticEditorFlags
      value: 0
      objectReference: {fileID: 0}
    - target: {fileID: 100040, guid: 347e53b392dd82240b0030799c4babf1, type: 3}
      propertyPath: m_StaticEditorFlags
      value: 0
      objectReference: {fileID: 0}
    - target: {fileID: 100056, guid: 347e53b392dd82240b0030799c4babf1, type: 3}
      propertyPath: m_StaticEditorFlags
      value: 0
      objectReference: {fileID: 0}
    - target: {fileID: 100034, guid: 347e53b392dd82240b0030799c4babf1, type: 3}
      propertyPath: m_StaticEditorFlags
      value: 0
      objectReference: {fileID: 0}
    - target: {fileID: 100000, guid: 347e53b392dd82240b0030799c4babf1, type: 3}
      propertyPath: m_StaticEditorFlags
      value: 0
      objectReference: {fileID: 0}
    - target: {fileID: 100002, guid: 347e53b392dd82240b0030799c4babf1, type: 3}
      propertyPath: m_StaticEditorFlags
      value: 0
      objectReference: {fileID: 0}
    - target: {fileID: 100008, guid: 347e53b392dd82240b0030799c4babf1, type: 3}
      propertyPath: m_StaticEditorFlags
      value: 0
      objectReference: {fileID: 0}
    - target: {fileID: 100062, guid: 347e53b392dd82240b0030799c4babf1, type: 3}
      propertyPath: m_StaticEditorFlags
      value: 0
      objectReference: {fileID: 0}
    - target: {fileID: 100094, guid: 347e53b392dd82240b0030799c4babf1, type: 3}
      propertyPath: m_StaticEditorFlags
      value: 0
      objectReference: {fileID: 0}
    - target: {fileID: 100048, guid: 347e53b392dd82240b0030799c4babf1, type: 3}
      propertyPath: m_StaticEditorFlags
      value: 0
      objectReference: {fileID: 0}
    - target: {fileID: 100024, guid: 347e53b392dd82240b0030799c4babf1, type: 3}
      propertyPath: m_StaticEditorFlags
      value: 0
      objectReference: {fileID: 0}
    - target: {fileID: 100070, guid: 347e53b392dd82240b0030799c4babf1, type: 3}
      propertyPath: m_StaticEditorFlags
      value: 0
      objectReference: {fileID: 0}
    - target: {fileID: 100020, guid: 347e53b392dd82240b0030799c4babf1, type: 3}
      propertyPath: m_StaticEditorFlags
      value: 0
      objectReference: {fileID: 0}
    - target: {fileID: 100028, guid: 347e53b392dd82240b0030799c4babf1, type: 3}
      propertyPath: m_StaticEditorFlags
      value: 0
      objectReference: {fileID: 0}
    - target: {fileID: 100076, guid: 347e53b392dd82240b0030799c4babf1, type: 3}
      propertyPath: m_StaticEditorFlags
      value: 0
      objectReference: {fileID: 0}
    - target: {fileID: 100092, guid: 347e53b392dd82240b0030799c4babf1, type: 3}
      propertyPath: m_StaticEditorFlags
      value: 0
      objectReference: {fileID: 0}
    - target: {fileID: 100010, guid: 347e53b392dd82240b0030799c4babf1, type: 3}
      propertyPath: m_StaticEditorFlags
      value: 0
      objectReference: {fileID: 0}
    - target: {fileID: 100096, guid: 347e53b392dd82240b0030799c4babf1, type: 3}
      propertyPath: m_StaticEditorFlags
      value: 0
      objectReference: {fileID: 0}
    - target: {fileID: 100080, guid: 347e53b392dd82240b0030799c4babf1, type: 3}
      propertyPath: m_StaticEditorFlags
      value: 0
      objectReference: {fileID: 0}
    - target: {fileID: 100100, guid: 347e53b392dd82240b0030799c4babf1, type: 3}
      propertyPath: m_StaticEditorFlags
      value: 0
      objectReference: {fileID: 0}
    - target: {fileID: 100014, guid: 347e53b392dd82240b0030799c4babf1, type: 3}
      propertyPath: m_StaticEditorFlags
      value: 0
      objectReference: {fileID: 0}
    - target: {fileID: 100038, guid: 347e53b392dd82240b0030799c4babf1, type: 3}
      propertyPath: m_StaticEditorFlags
      value: 0
      objectReference: {fileID: 0}
    - target: {fileID: 100074, guid: 347e53b392dd82240b0030799c4babf1, type: 3}
      propertyPath: m_StaticEditorFlags
      value: 0
      objectReference: {fileID: 0}
    - target: {fileID: 100042, guid: 347e53b392dd82240b0030799c4babf1, type: 3}
      propertyPath: m_StaticEditorFlags
      value: 0
      objectReference: {fileID: 0}
    - target: {fileID: 100026, guid: 347e53b392dd82240b0030799c4babf1, type: 3}
      propertyPath: m_StaticEditorFlags
      value: 0
      objectReference: {fileID: 0}
    - target: {fileID: 100082, guid: 347e53b392dd82240b0030799c4babf1, type: 3}
      propertyPath: m_StaticEditorFlags
      value: 0
      objectReference: {fileID: 0}
    - target: {fileID: 100058, guid: 347e53b392dd82240b0030799c4babf1, type: 3}
      propertyPath: m_StaticEditorFlags
      value: 0
      objectReference: {fileID: 0}
    - target: {fileID: 100090, guid: 347e53b392dd82240b0030799c4babf1, type: 3}
      propertyPath: m_StaticEditorFlags
      value: 0
      objectReference: {fileID: 0}
    - target: {fileID: 100046, guid: 347e53b392dd82240b0030799c4babf1, type: 3}
      propertyPath: m_StaticEditorFlags
      value: 0
      objectReference: {fileID: 0}
    - target: {fileID: 100004, guid: 347e53b392dd82240b0030799c4babf1, type: 3}
      propertyPath: m_StaticEditorFlags
      value: 0
      objectReference: {fileID: 0}
    - target: {fileID: 100060, guid: 347e53b392dd82240b0030799c4babf1, type: 3}
      propertyPath: m_StaticEditorFlags
      value: 0
      objectReference: {fileID: 0}
    - target: {fileID: 100032, guid: 347e53b392dd82240b0030799c4babf1, type: 3}
      propertyPath: m_StaticEditorFlags
      value: 0
      objectReference: {fileID: 0}
    - target: {fileID: 100018, guid: 347e53b392dd82240b0030799c4babf1, type: 3}
      propertyPath: m_StaticEditorFlags
      value: 0
      objectReference: {fileID: 0}
    - target: {fileID: 100050, guid: 347e53b392dd82240b0030799c4babf1, type: 3}
      propertyPath: m_StaticEditorFlags
      value: 0
      objectReference: {fileID: 0}
    - target: {fileID: 100016, guid: 347e53b392dd82240b0030799c4babf1, type: 3}
      propertyPath: m_StaticEditorFlags
      value: 0
      objectReference: {fileID: 0}
    - target: {fileID: 100088, guid: 347e53b392dd82240b0030799c4babf1, type: 3}
      propertyPath: m_StaticEditorFlags
      value: 0
      objectReference: {fileID: 0}
    - target: {fileID: 100072, guid: 347e53b392dd82240b0030799c4babf1, type: 3}
      propertyPath: m_StaticEditorFlags
      value: 0
      objectReference: {fileID: 0}
    - target: {fileID: 100086, guid: 347e53b392dd82240b0030799c4babf1, type: 3}
      propertyPath: m_StaticEditorFlags
      value: 0
      objectReference: {fileID: 0}
    - target: {fileID: 100064, guid: 347e53b392dd82240b0030799c4babf1, type: 3}
      propertyPath: m_StaticEditorFlags
      value: 0
      objectReference: {fileID: 0}
    - target: {fileID: 100084, guid: 347e53b392dd82240b0030799c4babf1, type: 3}
      propertyPath: m_StaticEditorFlags
      value: 0
      objectReference: {fileID: 0}
    - target: {fileID: 100078, guid: 347e53b392dd82240b0030799c4babf1, type: 3}
      propertyPath: m_StaticEditorFlags
      value: 0
      objectReference: {fileID: 0}
    - target: {fileID: 100052, guid: 347e53b392dd82240b0030799c4babf1, type: 3}
      propertyPath: m_StaticEditorFlags
      value: 0
      objectReference: {fileID: 0}
    - target: {fileID: 100012, guid: 347e53b392dd82240b0030799c4babf1, type: 3}
      propertyPath: m_StaticEditorFlags
      value: 0
      objectReference: {fileID: 0}
    - target: {fileID: 100098, guid: 347e53b392dd82240b0030799c4babf1, type: 3}
      propertyPath: m_StaticEditorFlags
      value: 0
      objectReference: {fileID: 0}
    - target: {fileID: 100044, guid: 347e53b392dd82240b0030799c4babf1, type: 3}
      propertyPath: m_StaticEditorFlags
      value: 0
      objectReference: {fileID: 0}
    - target: {fileID: 100066, guid: 347e53b392dd82240b0030799c4babf1, type: 3}
      propertyPath: m_StaticEditorFlags
      value: 0
      objectReference: {fileID: 0}
    - target: {fileID: 100006, guid: 347e53b392dd82240b0030799c4babf1, type: 3}
      propertyPath: m_StaticEditorFlags
      value: 0
      objectReference: {fileID: 0}
    - target: {fileID: 13700000, guid: 347e53b392dd82240b0030799c4babf1, type: 3}
      propertyPath: m_LightProbeUsage
      value: 1
      objectReference: {fileID: 0}
    - target: {fileID: 13700000, guid: 347e53b392dd82240b0030799c4babf1, type: 3}
      propertyPath: m_CastShadows
      value: 1
      objectReference: {fileID: 0}
    - target: {fileID: 13700000, guid: 347e53b392dd82240b0030799c4babf1, type: 3}
      propertyPath: m_DynamicOccludee
      value: 1
      objectReference: {fileID: 0}
    m_RemovedComponents: []
  m_ParentPrefab: {fileID: 100100000, guid: 347e53b392dd82240b0030799c4babf1, type: 3}
  m_IsPrefabParent: 0
--- !u!1001 &956718852
Prefab:
  m_ObjectHideFlags: 0
  serializedVersion: 2
  m_Modification:
    m_TransformParent: {fileID: 0}
    m_Modifications:
    - target: {fileID: 400072, guid: 523b3cc8960c83048b3de4ae8d826596, type: 3}
      propertyPath: m_LocalPosition.x
      value: 0
      objectReference: {fileID: 0}
    - target: {fileID: 400072, guid: 523b3cc8960c83048b3de4ae8d826596, type: 3}
      propertyPath: m_LocalPosition.y
      value: -1.9943138e-18
      objectReference: {fileID: 0}
    - target: {fileID: 400072, guid: 523b3cc8960c83048b3de4ae8d826596, type: 3}
      propertyPath: m_LocalPosition.z
      value: 1.22
      objectReference: {fileID: 0}
    - target: {fileID: 400072, guid: 523b3cc8960c83048b3de4ae8d826596, type: 3}
      propertyPath: m_LocalRotation.x
      value: 0
      objectReference: {fileID: 0}
    - target: {fileID: 400072, guid: 523b3cc8960c83048b3de4ae8d826596, type: 3}
      propertyPath: m_LocalRotation.y
      value: 1
      objectReference: {fileID: 0}
    - target: {fileID: 400072, guid: 523b3cc8960c83048b3de4ae8d826596, type: 3}
      propertyPath: m_LocalRotation.z
      value: 0
      objectReference: {fileID: 0}
    - target: {fileID: 400072, guid: 523b3cc8960c83048b3de4ae8d826596, type: 3}
      propertyPath: m_LocalRotation.w
      value: 0
      objectReference: {fileID: 0}
    - target: {fileID: 400072, guid: 523b3cc8960c83048b3de4ae8d826596, type: 3}
      propertyPath: m_RootOrder
      value: 3
      objectReference: {fileID: 0}
    - target: {fileID: 100072, guid: 523b3cc8960c83048b3de4ae8d826596, type: 3}
      propertyPath: m_Name
      value: model (1)
      objectReference: {fileID: 0}
    - target: {fileID: 400072, guid: 523b3cc8960c83048b3de4ae8d826596, type: 3}
      propertyPath: m_LocalEulerAnglesHint.y
      value: 180
      objectReference: {fileID: 0}
    m_RemovedComponents: []
  m_ParentPrefab: {fileID: 100100000, guid: 523b3cc8960c83048b3de4ae8d826596, type: 3}
  m_IsPrefabParent: 0
--- !u!1 &1043992382
GameObject:
  m_ObjectHideFlags: 0
  m_PrefabParentObject: {fileID: 0}
  m_PrefabInternal: {fileID: 0}
  serializedVersion: 5
  m_Component:
  - component: {fileID: 1043992386}
  - component: {fileID: 1043992385}
  - component: {fileID: 1043992384}
  - component: {fileID: 1043992383}
  m_Layer: 0
  m_Name: Plane
  m_TagString: Untagged
  m_Icon: {fileID: 0}
  m_NavMeshLayer: 0
  m_StaticEditorFlags: 0
  m_IsActive: 1
--- !u!64 &1043992383
MeshCollider:
  m_ObjectHideFlags: 0
  m_PrefabParentObject: {fileID: 0}
  m_PrefabInternal: {fileID: 0}
  m_GameObject: {fileID: 1043992382}
  m_Material: {fileID: 0}
  m_IsTrigger: 0
  m_Enabled: 1
  serializedVersion: 3
  m_Convex: 0
  m_CookingOptions: 14
  m_SkinWidth: 0.01
  m_Mesh: {fileID: 10209, guid: 0000000000000000e000000000000000, type: 0}
--- !u!23 &1043992384
MeshRenderer:
  m_ObjectHideFlags: 0
  m_PrefabParentObject: {fileID: 0}
  m_PrefabInternal: {fileID: 0}
  m_GameObject: {fileID: 1043992382}
  m_Enabled: 1
  m_CastShadows: 1
  m_ReceiveShadows: 1
  m_DynamicOccludee: 1
  m_MotionVectors: 1
  m_LightProbeUsage: 1
  m_ReflectionProbeUsage: 1
  m_RenderingLayerMask: 4294967295
  m_Materials:
  - {fileID: 2100000, guid: 66c2ee20f02bced4791b041fd2a3f2dc, type: 2}
  m_StaticBatchInfo:
    firstSubMesh: 0
    subMeshCount: 0
  m_StaticBatchRoot: {fileID: 0}
  m_ProbeAnchor: {fileID: 0}
  m_LightProbeVolumeOverride: {fileID: 0}
  m_ScaleInLightmap: 1
  m_PreserveUVs: 0
  m_IgnoreNormalsForChartDetection: 0
  m_ImportantGI: 0
  m_StitchLightmapSeams: 0
  m_SelectedEditorRenderState: 3
  m_MinimumChartSize: 4
  m_AutoUVMaxDistance: 0.5
  m_AutoUVMaxAngle: 89
  m_LightmapParameters: {fileID: 0}
  m_SortingLayerID: 0
  m_SortingLayer: 0
  m_SortingOrder: 0
--- !u!33 &1043992385
MeshFilter:
  m_ObjectHideFlags: 0
  m_PrefabParentObject: {fileID: 0}
  m_PrefabInternal: {fileID: 0}
  m_GameObject: {fileID: 1043992382}
  m_Mesh: {fileID: 10209, guid: 0000000000000000e000000000000000, type: 0}
--- !u!4 &1043992386
Transform:
  m_ObjectHideFlags: 0
  m_PrefabParentObject: {fileID: 0}
  m_PrefabInternal: {fileID: 0}
  m_GameObject: {fileID: 1043992382}
  m_LocalRotation: {x: 0, y: 0, z: 0, w: 1}
  m_LocalPosition: {x: 0, y: 0, z: 0}
  m_LocalScale: {x: 46.616158, y: 46.616188, z: 46.616188}
  m_Children: []
  m_Father: {fileID: 0}
  m_RootOrder: 5
  m_LocalEulerAnglesHint: {x: 0, y: 0, z: 0}
--- !u!1 &1054005682
GameObject:
  m_ObjectHideFlags: 0
  m_PrefabParentObject: {fileID: 0}
  m_PrefabInternal: {fileID: 0}
  serializedVersion: 5
  m_Component:
  - component: {fileID: 1054005683}
  - component: {fileID: 1054005686}
  - component: {fileID: 1054005685}
  - component: {fileID: 1054005684}
  m_Layer: 0
  m_Name: Main Camera
  m_TagString: MainCamera
  m_Icon: {fileID: 0}
  m_NavMeshLayer: 0
  m_StaticEditorFlags: 0
  m_IsActive: 1
--- !u!4 &1054005683
Transform:
  m_ObjectHideFlags: 0
  m_PrefabParentObject: {fileID: 0}
  m_PrefabInternal: {fileID: 0}
  m_GameObject: {fileID: 1054005682}
  m_LocalRotation: {x: 0.17717251, y: -0.00071678025, z: -0.0019735214, w: 0.9841776}
  m_LocalPosition: {x: 0, y: 2.2, z: -1.57}
  m_LocalScale: {x: 1, y: 1, z: 1}
  m_Children: []
  m_Father: {fileID: 64526577}
  m_RootOrder: 0
  m_LocalEulerAnglesHint: {x: 20.41, y: -0.12900001, z: -0.25300002}
--- !u!81 &1054005684
AudioListener:
  m_ObjectHideFlags: 0
  m_PrefabParentObject: {fileID: 0}
  m_PrefabInternal: {fileID: 0}
  m_GameObject: {fileID: 1054005682}
  m_Enabled: 1
--- !u!124 &1054005685
Behaviour:
  m_ObjectHideFlags: 0
  m_PrefabParentObject: {fileID: 0}
  m_PrefabInternal: {fileID: 0}
  m_GameObject: {fileID: 1054005682}
  m_Enabled: 1
--- !u!20 &1054005686
Camera:
  m_ObjectHideFlags: 0
  m_PrefabParentObject: {fileID: 0}
  m_PrefabInternal: {fileID: 0}
  m_GameObject: {fileID: 1054005682}
  m_Enabled: 1
  serializedVersion: 2
  m_ClearFlags: 1
  m_BackGroundColor: {r: 0.19215687, g: 0.3019608, b: 0.4745098, a: 0}
  m_NormalizedViewPortRect:
    serializedVersion: 2
    x: 0
    y: 0
    width: 1
    height: 1
  near clip plane: 0.3
  far clip plane: 1000
  field of view: 80
  orthographic: 0
  orthographic size: 5
  m_Depth: -1
  m_CullingMask:
    serializedVersion: 2
    m_Bits: 4294967295
  m_RenderingPath: -1
  m_TargetTexture: {fileID: 0}
  m_TargetDisplay: 0
  m_TargetEye: 3
  m_HDR: 0
  m_AllowMSAA: 0
  m_AllowDynamicResolution: 0
  m_ForceIntoRT: 0
  m_OcclusionCulling: 1
  m_StereoConvergence: 10
  m_StereoSeparation: 0.022
--- !u!1 &1107390612
GameObject:
  m_ObjectHideFlags: 0
  m_PrefabParentObject: {fileID: 0}
  m_PrefabInternal: {fileID: 0}
  serializedVersion: 5
  m_Component:
  - component: {fileID: 1107390614}
  - component: {fileID: 1107390613}
  m_Layer: 0
  m_Name: Directional Light
  m_TagString: Untagged
  m_Icon: {fileID: 0}
  m_NavMeshLayer: 0
  m_StaticEditorFlags: 0
  m_IsActive: 1
--- !u!108 &1107390613
Light:
  m_ObjectHideFlags: 0
  m_PrefabParentObject: {fileID: 0}
  m_PrefabInternal: {fileID: 0}
  m_GameObject: {fileID: 1107390612}
  m_Enabled: 1
  serializedVersion: 8
  m_Type: 1
  m_Color: {r: 1, g: 0.95686275, b: 0.8392157, a: 1}
  m_Intensity: 1
  m_Range: 10
  m_SpotAngle: 30
  m_CookieSize: 10
  m_Shadows:
    m_Type: 2
    m_Resolution: -1
    m_CustomResolution: -1
    m_Strength: 1
    m_Bias: 0.05
    m_NormalBias: 0.4
    m_NearPlane: 0.2
  m_Cookie: {fileID: 0}
  m_DrawHalo: 0
  m_Flare: {fileID: 0}
  m_RenderMode: 0
  m_CullingMask:
    serializedVersion: 2
    m_Bits: 4294967295
  m_Lightmapping: 4
  m_AreaSize: {x: 1, y: 1}
  m_BounceIntensity: 1
  m_ColorTemperature: 6570
  m_UseColorTemperature: 0
  m_ShadowRadius: 0
  m_ShadowAngle: 0
--- !u!4 &1107390614
Transform:
  m_ObjectHideFlags: 0
  m_PrefabParentObject: {fileID: 0}
  m_PrefabInternal: {fileID: 0}
  m_GameObject: {fileID: 1107390612}
  m_LocalRotation: {x: 0.39235917, y: 0.33676502, z: -0.15703598, w: 0.84141743}
  m_LocalPosition: {x: 0, y: 3, z: 0}
  m_LocalScale: {x: 1, y: 1, z: 1}
  m_Children: []
  m_Father: {fileID: 0}
  m_RootOrder: 4
  m_LocalEulerAnglesHint: {x: 50.000004, y: 43.626003, z: 0}
--- !u!1001 &1241487646
Prefab:
  m_ObjectHideFlags: 0
  serializedVersion: 2
  m_Modification:
    m_TransformParent: {fileID: 0}
    m_Modifications:
    - target: {fileID: 400114, guid: 27eb4a2b48cb3bf4fb68d5a9e302e352, type: 3}
      propertyPath: m_LocalPosition.x
      value: 0
      objectReference: {fileID: 0}
    - target: {fileID: 400114, guid: 27eb4a2b48cb3bf4fb68d5a9e302e352, type: 3}
      propertyPath: m_LocalPosition.y
      value: 2.962347e-17
      objectReference: {fileID: 0}
    - target: {fileID: 400114, guid: 27eb4a2b48cb3bf4fb68d5a9e302e352, type: 3}
      propertyPath: m_LocalPosition.z
      value: -1.76
      objectReference: {fileID: 0}
    - target: {fileID: 400114, guid: 27eb4a2b48cb3bf4fb68d5a9e302e352, type: 3}
      propertyPath: m_LocalRotation.x
      value: 0
      objectReference: {fileID: 0}
    - target: {fileID: 400114, guid: 27eb4a2b48cb3bf4fb68d5a9e302e352, type: 3}
      propertyPath: m_LocalRotation.y
      value: 0
      objectReference: {fileID: 0}
    - target: {fileID: 400114, guid: 27eb4a2b48cb3bf4fb68d5a9e302e352, type: 3}
      propertyPath: m_LocalRotation.z
      value: 0
      objectReference: {fileID: 0}
    - target: {fileID: 400114, guid: 27eb4a2b48cb3bf4fb68d5a9e302e352, type: 3}
      propertyPath: m_LocalRotation.w
      value: 1
      objectReference: {fileID: 0}
    - target: {fileID: 400114, guid: 27eb4a2b48cb3bf4fb68d5a9e302e352, type: 3}
      propertyPath: m_RootOrder
      value: 2
      objectReference: {fileID: 0}
    - target: {fileID: 100114, guid: 27eb4a2b48cb3bf4fb68d5a9e302e352, type: 3}
      propertyPath: m_Name
      value: model (2)
      objectReference: {fileID: 0}
    - target: {fileID: 400076, guid: 27eb4a2b48cb3bf4fb68d5a9e302e352, type: 3}
      propertyPath: m_LocalRotation.x
      value: -0.5016182
      objectReference: {fileID: 0}
    - target: {fileID: 400076, guid: 27eb4a2b48cb3bf4fb68d5a9e302e352, type: 3}
      propertyPath: m_LocalRotation.y
      value: -0.00000036756995
      objectReference: {fileID: 0}
    - target: {fileID: 400076, guid: 27eb4a2b48cb3bf4fb68d5a9e302e352, type: 3}
      propertyPath: m_LocalRotation.z
      value: -0.0000010471412
      objectReference: {fileID: 0}
    - target: {fileID: 400076, guid: 27eb4a2b48cb3bf4fb68d5a9e302e352, type: 3}
      propertyPath: m_LocalRotation.w
      value: 0.8650891
      objectReference: {fileID: 0}
    - target: {fileID: 400076, guid: 27eb4a2b48cb3bf4fb68d5a9e302e352, type: 3}
      propertyPath: m_LocalEulerAnglesHint.x
      value: -60.214005
      objectReference: {fileID: 0}
    m_RemovedComponents: []
  m_ParentPrefab: {fileID: 100100000, guid: 27eb4a2b48cb3bf4fb68d5a9e302e352, type: 3}
  m_IsPrefabParent: 0
